%containing a complete list of books and other publications that are either explicitly referred to in the text, or which are recommended for further reading on the topic

%@book{cormen2009introduction,
%  title={Introduction to algorithms},
%  author={Cormen, Thomas H},
%  year={2009},
%  publisher={MIT press}
%}

VGG
@article{simonyan2014vgg,
  title={Very deep convolutional networks for large-scale image recognition},
  author={Simonyan, Karen and Zisserman, Andrew},
  journal={arXiv preprint arXiv:1409.1556},
  year={2014}
}

@article{deng2009imagenet,
  title={ImageNet: A large-scale hierarchical image database},
  author={Deng, Jia and Dong, Wei and Socher, Richard and Li, Li-Jia and Li, Kai and Fei-Fei, Li},
  journal={2009 IEEE Conference on Computer Vision and Pattern Recognition},
  pages={248--255},
  year={2009},
  doi={10.1109/CVPR.2009.5206848}
}

@article{ghani2024comprehensive,
  title={A comprehensive review of fine-grained bird species recognition using deep learning techniques},
  author={Ghani, Fazal and Ali, Hafiz Mohsin and Ashraf, Imran and Ullah, Sultan and Kwak, Kyung Sup and Kim, Dongho},
  journal={Computer Vision and Image Understanding},
  volume={238},
  pages={103809},
  year={2024},
  publisher={Elsevier},
  doi={10.1016/j.cviu.2023.103809}
}

@article{wang2022bird,
  title={Expert-guided bird image dataset construction for fine-grained classification},
  author={Wang, Lichen and Bala, Anju and Pang, Shanchen},
  journal={Pattern Recognition},
  volume={123},
  pages={108403},
  year={2022},
  publisher={Elsevier},
  doi={10.1016/j.patcog.2021.108403}
}

@article{shorten2019survey,
  title={A survey on image data augmentation for deep learning},
  author={Shorten, Connor and Khoshgoftaar, Taghi M},
  journal={Journal of Big Data},
  volume={6},
  number={1},
  pages={60},
  year={2019},
  publisher={SpringerOpen},
  doi={10.1186/s40537-019-0197-0}
}

@article{loshchilov2017decoupled,
  title={Decoupled weight decay regularization},
  author={Loshchilov, Ilya and Hutter, Frank},
  journal={arXiv preprint arXiv:1711.05101},
  year={2017}
}

@article{wu2015onreducelr,
  title={On the convergence of Adam and beyond},
  author={Wu, Yuhuai and Dziugaite, Gintare Karolina and Norouzi, Mohammad and Roy, Daniel M},
  journal={International Conference on Learning Representations},
  year={2018}
}

@article{sanchez2019fine,
  title={Fine-grained image classification: A survey},
  author={Sanchez, Joan and Perronnin, Florent and Mensink, Thomas and Verbeek, Jakob},
  journal={ACM Computing Surveys},
  volume={51},
  number={5},
  pages={1--37},
  year={2019},
  publisher={ACM}
}

@article{reslan2022automatic,
  title={Automatic fine-grained classification of bird species using deep learning},
  author={Reslan, Ammar and Farou, Zakarya},
  journal={International Journal of Electrical and Computer Engineering},
  volume={12},
  number={6},
  pages={6343--6352},
  year={2022}
}



Inception

  @inproceedings{szegedy2016rethinking,
  title={Rethinking the inception architecture for computer vision},
  author={Szegedy, Christian and Vanhoucke, Vincent and Ioffe, Sergey and Shlens, Jon and Wojna, Zbigniew},
  booktitle={Proceedings of the IEEE conference on computer vision and pattern recognition},
  pages={2818--2826},
  year={2016},
  doi={10.1109/CVPR.2016.308}
}

@article{shu2023multiscale,
  title={Multi-scale feature extraction for fine-grained bird species classification},
  author={Shu, Yang and Li, Jianxin and Wang, Hao and Fu, Zhengming and Liu, Dongyu},
  journal={Ecological Informatics},
  volume={74},
  pages={101981},
  year={2023},
  publisher={Elsevier},
  doi={10.1016/j.ecoinf.2023.101981}
}

@inproceedings{micikevicius2018mixed,
  title={Mixed precision training},
  author={Micikevicius, Paulius and Narang, Sharan and Alben, Jonah and Diamos, Gregory and Elsen, Erich and Garcia, David and Ginsburg, Boris and Houston, Michael and Kuchaiev, Oleksii and Venkatesh, Ganesh and others},
  booktitle={International Conference on Learning Representations},
  year={2018}
}

@article{you2019large,
  title={Large batch optimization for deep learning: Training {BERT} in 76 minutes},
  author={You, Yang and Li, Jing and Reddi, Sashank and Hseu, Jonathan and Kumar, Sanjiv and Bhojanapalli, Srinadh and Song, Xiaodan and Demmel, James and Keutzer, Kurt and Hsieh, Cho-Jui},
  journal={arXiv preprint arXiv:1904.00962},
  year={2019}
}

@article{touvron2021training,
  title={Training data-efficient image transformers \& distillation through attention},
  author={Touvron, Hugo and Cord, Matthieu and Douze, Matthijs and Massa, Francisco and Sablayrolles, Alexandre and Jégou, Hervé},
  journal={International Conference on Machine Learning},
  pages={10347--10357},
  year={2021}
}


  VIT
@article{dosovitskiy2020image,
  title={An image is worth 16x16 words: {T}ransformers for image recognition at scale},
  author={Dosovitskiy, Alexey and Beyer, Lucas and Kolesnikov, Alexander and Weissenborn, Dirk and Zhai, Xiaohua and Unterthiner, Thomas and Dehghani, Mostafa and Minderer, Matthias and Heigold, Georg and Gelly, Sylvain and others},
  journal={International Conference on Learning Representations},
  year={2021}
}

@article{liu2022attention,
  title={Self-attention mechanisms in vision transformers for fine-grained image recognition},
  author={Liu, Yutian and Zhao, Qingchao and Xu, Zheng and Chen, Edward},
  journal={IEEE Transactions on Image Processing},
  volume={31},
  pages={1634--1647},
  year={2022},
  publisher={IEEE}
}

@article{wightman2021resnet,
  title={{ResNet} strikes back: An improved training procedure in timm},
  author={Wightman, Ross and Touvron, Hugo and Jegou, Herve},
  journal={arXiv preprint arXiv:2110.00476},
  year={2021}
}

@article{guan2022attention,
  title={Attention-based fine-grained classification of birds using vision transformers},
  author={Guan, Jingwen and Chen, Qinghua and Luo, Ao and Wei, Xinchen and Tang, Jinmian},
  journal={Ecological Informatics},
  volume={71},
  pages={101722},
  year={2022},
  publisher={Elsevier}
}



@article{stassin2024explainability,
  title={Explainability and Evaluation of Vision Transformers: An In-Depth Experimental Study},
  author={Stassin, S. and Corduant, V. and Mahmoudi, S. A. and Siebert, X.},
  journal={Electronics},
  volume={13},
  number={1},
  pages={175},
  year={2024},
  doi={10.3390/electronics13010175}
}

@article{conde2021exploring,
  title={Exploring Vision Transformers for Fine-grained Classification},
  author={Conde, M. V. and Turgutlu, K.},
  journal={arXiv preprint arXiv:2106.10587},
  year={2021}
}



DL

@article{anjum2021,
  title={Collaborative cloud based online learning during {COVID-19} pandemic using {Google Colab}},
  author={Anjum, Muhammad Azhar and Hussain, Samreen and Aadil, Farhan and Chaudhry, Samabia},
  journal={Computer Applications in Engineering Education},
  volume={29},
  number={6},
  pages={1803--1819},
  year={2021},
  publisher={Wiley Online Library},
  doi={10.1002/cae.22401}
}

@article{carneiro2018,
  title={Performance analysis of {Google Colaboratory} as a tool for accelerating deep learning applications},
  author={Carneiro, Tiago and Da Nobrega, Ricardo Victor Medeiros and Nepomuceno, Thiago and Bian, Gui-Bin and De Albuquerque, Victor Hugo C and Filho, Pedro Pedrosa Rebou{\c{c}}as},
  journal={IEEE Access},
  volume={6},
  pages={61677--61685},
  year={2018},
  publisher={IEEE},
  doi={10.1109/ACCESS.2018.2874767}
}

@book{geron2019,
  title={Hands-on machine learning with {Scikit-Learn}, {Keras}, and {TensorFlow}: Concepts, tools, and techniques to build intelligent systems},
  author={G{\'e}ron, Aur{\'e}lien},
  year={2019},
  publisher={O'Reilly Media},
  edition={2nd},
  isbn={978-1492032649}
}

@article{raffel2023,
  title={Exploring the limits of transfer learning with a unified text-to-text transformer},
  author={Raffel, Colin and Shazeer, Noam and Roberts, Adam and Lee, Katherine and Narang, Sharan and Matena, Michael and Zhou, Yanqi and Li, Wei and Liu, Peter J},
  journal={Journal of Machine Learning Research},
  volume={24},
  number={1},
  pages={5675--5758},
  year={2023}
}

@article{ghani2024,
  title={A comprehensive review of fine-grained bird species recognition using deep learning techniques},
  author={Ghani, Fazal and Ali, Hafiz Mohsin and Ashraf, Imran and Ullah, Sultan and Kwak, Kyung Sup and Kim, Dongho},
  journal={Computer Vision and Image Understanding},
  volume={238},
  pages={103809},
  year={2024},
  publisher={Elsevier},
  doi={10.1016/j.cviu.2023.103809}
}

@article{kahl2021,
  title={{BirdNET}: A deep learning solution for avian diversity monitoring},
  author={Kahl, Stefan and Wood, Connor M and Eibl, Maximilian and Klinck, Holger},
  journal={Ecological Informatics},
  volume={61},
  pages={101236},
  year={2021},
  publisher={Elsevier},
  doi={10.1016/j.ecoinf.2021.101236}
}

@article{wang2022,
  title={Expert-guided bird image dataset construction for fine-grained classification},
  author={Wang, Lichen and Bala, Anju and Pang, Shanchen},
  journal={Pattern Recognition},
  volume={123},
  pages={108403},
  year={2022},
  publisher={Elsevier},
  doi={10.1016/j.patcog.2021.108403}
}

@article{zhou2022,
  title={On the effectiveness of expert-curated datasets for bird species classification},
  author={Zhou, Boyang and Khosla, Aditya and Lapedriza, Agata and Oliva, Aude and Torralba, Antonio},
  journal={IEEE Transactions on Image Processing},
  volume={31},
  pages={4402--4415},
  year={2022},
  number = {23},
  publisher={IEEE},
  doi={10.1109/TIP.2022.3172104}
}

@article{birdset2023,
  title={{BirdSet}: A benchmark dataset for fine-grained bird species recognition},
  author={Peng, Yuxin and Zhang, Zheng and Xie, Yuan and Zhang, Min and Wei, Yunchao},
  journal={Nature Scientific Data},
  volume={10},
  pages={76},
  year={2023},
  publisher={Nature Publishing Group},
  doi={10.1038/s41597-023-01945-2}
}

@article{dosovitskiy2020vit,
  title={An image is worth 16x16 words: Transformers for image recognition at scale},
  author={Dosovitskiy, Alexey and Beyer, Lucas and Kolesnikov, Alexander and Weissenborn, Dirk and Zhai, Xiaohua and Unterthiner, Thomas and Dehghani, Mostafa and Minderer, Matthias and Heigold, Georg and Gelly, Sylvain and others},
  journal={arXiv preprint arXiv:2010.11929},
  year={2020}
}

@article{he2016deep,
  title={Deep residual learning for image recognition},
  author={He, Kaiming and Zhang, Xiangyu and Ren, Shaoqing and Sun, Jian},
  journal={Proceedings of the IEEE conference on computer vision and pattern recognition},
  pages={770--778},
  year={2016}
}



@article{selvaraju2020grad,
  title={Grad-{CAM}: Visual explanations from deep networks via gradient-based localization},
  author={Selvaraju, Ramprasaath R and Cogswell, Michael and Das, Abhishek and Vedantam, Ramakrishna and Parikh, Devi and Batra, Dhruv},
  journal={International Journal of Computer Vision},
  volume={128},
  number={2},
  pages={336--359},
  year={2020},
  publisher={Springer}
}


@article{source3,
    author = {Author Name},
    title = {Hierarchical Feature Learning for Classification},
    journal = {Journal Name},
    year = {2023},
    volume = {12},
    pages = {34--56},
    url = {https://example.com/article3}
}

@article{source11,
    author = {Author Name},
    title = {Multi-Scale Feature Extraction Techniques},
    journal = {Journal Name},
    year = {2022},
    volume = {10},
    pages = {78--90},
    url = {https://example.com/article11}
}


@article{avian2023,
  author = {Martinez, A. and Wilson, B.},
  title = {Transfer learning for avian species identification},
  journal = {Journal of Artificial Intelligence Research},
  year = {2023},
  volume = {76},
  pages = {112--145}
}

@article{residual2016,
  author = {He, K. and Zhang, X. and Ren, S. and Sun, J.},
  title = {Deep Residual Learning for Image Recognition},
  journal = {IEEE Conference on Computer Vision and Pattern Recognition (CVPR)},
  year = {2016},
  pages = {770--778}
}

@online{resnet50blog,
  author = {Sharma, P.},
  title = {Understanding ResNet50 Architecture},
  year = {2021},
  url = {https://medium.com/analytics-vidhya/understanding-resnet50-architecture-in-depth-2c6da1d3f48d},
  urldate = {2025-04-01}
}

@article{exploratiojournal,
  author = {Johnson, T. and Williams, S.},
  title = {Exploration of Deep Neural Network Architectures for Fine-Grained Classification},
  journal = {Journal of Computer Vision and Image Understanding},
  year = {2022},
  volume = {215},
  pages = {103328}
}

@online{stackoverflow,
  author = {Smith, J.},
  title = {Optimal dropout rates for transfer learning in image classification},
  year = {2022},
  url = {https://stackoverflow.com/questions/47689231/optimal-dropout-rate-for-transfer-learning},
  urldate = {2025-03-15}
}

@article{jatit,
  author = {Rahman, A. and others},
  title = {Image Preprocessing Techniques for Deep Learning Based Bird Species Classification},
  journal = {Journal of Theoretical and Applied Information Technology},
  year = {2021},
  volume = {99},
  number = {3},
  pages = {614--626}
}

@article{mdpi,
  author = {Huang, L. and others},
  title = {Early Stopping as a Regularization Method for Deep Neural Networks in Limited Data Scenarios},
  journal = {MDPI Applied Sciences},
  year = {2022},
  volume = {12},
  number = {4},
  pages = {1892}
}


RESNET


@article{he2016identity,
  title={Identity mappings in deep residual networks},
  author={He, Kaiming and Zhang, Xiangyu and Ren, Shaoqing and Sun, Jian},
  journal={European Conference on Computer Vision},
  pages={630--645},
  year={2016},
  publisher={Springer}
}



@article{srivastava2014dropout,
  title={Dropout: a simple way to prevent neural networks from overfitting},
  author={Srivastava, Nitish and Hinton, Geoffrey and Krizhevsky, Alex and Sutskever, Ilya and Salakhutdinov, Ruslan},
  journal={The Journal of Machine Learning Research},
  volume={15},
  number={1},
  pages={1929--1958},
  year={2014},
  publisher={JMLR.org}
}



@article{zhao2021image,
  title={Image preprocessing methods to identify micro-cracks of road pavement},
  author={Zhao, Yizhou and Tong, Jianfei and Sun, Lijun},
  journal={Journal of Advanced Transportation},
  volume={2021},
  pages={1--16},
  year={2021},
  publisher={Hindawi}
}

@article{zhou2022effective,
  title={On the effectiveness of expert-curated datasets for bird species classification},
  author={Zhou, Boyang and Khosla, Aditya and Lapedriza, Agata and Oliva, Aude and Torralba, Antonio},
  journal={IEEE Transactions on Image Processing},
  volume={31},
  pages={4402--4415},
  year={2022},
  publisher={IEEE}
}

@article{huang2022early,
  title={Early stopping for deep learning: A systematic survey},
  author={Huang, Jie and Wang, Lei and Liu, Yang and Wang, Suyi},
  journal={Applied Sciences},
  volume={12},
  number={14},
  pages={7320},
  year={2022},
  publisher={MDPI}
}

CNN
@inproceedings{hu2018squeeze,
  title={Squeeze-and-excitation networks},
  author={Hu, Jie and Shen, Li and Sun, Gang},
  booktitle={Proceedings of the IEEE conference on computer vision and pattern recognition},
  pages={7132--7141},
  year={2018},
  doi={10.1109/CVPR.2018.00745}
}

@article{buda2018systematic,
  title={A systematic study of the class imbalance problem in convolutional neural networks},
  author={Buda, Mateusz and Maki, Atsuto and Mazurowski, Maciej A},
  journal={Neural Networks},
  volume={106},
  pages={249--259},
  year={2018},
  publisher={Elsevier},
  doi={10.1016/j.neunet.2018.07.011}
}

@inproceedings{loshchilov2017sgdr,
  title={SGDR: Stochastic gradient descent with warm restarts},
  author={Loshchilov, Ilya and Hutter, Frank},
  booktitle={International Conference on Learning Representations},
  year={2017}
}

@article{wang2022fine,
  title={A fine-grained bird classification method based on attention and decoupled knowledge distillation},
  author={Wang, Kui and Yang, Fan and Chen, Zhengjie and Chen, Yiping and Zhang, Yi},
  journal={Animals},
  volume={13},
  number={2},
  pages={264},
  year={2023},
  publisher={MDPI},
  doi={10.3390/ani13020264}
}

@article{alfatemi2024multi,
  title={Multi-label classification with deep learning and manual data collection for identifying similar bird species},
  author={Alfatemi, A. and Jamal, S.A.L. and Paykari, N. and Rahouti, M. and Chehri, A.},
  journal={Procedia Computer Science},
  volume={246},
  pages={558--565},
  year={2024},
  doi={10.1016/j.procs.2024.09.461}
}
