%containing a complete list of books and other publications that are either explicitly referred to in the text, or which are recommended for further reading on the topic

%@book{cormen2009introduction,
%  title={Introduction to algorithms},
%  author={Cormen, Thomas H},
%  year={2009},
%  publisher={MIT press}
%}

@article{source3,
    author = {Author Name},
    title = {Hierarchical Feature Learning for Classification},
    journal = {Journal Name},
    year = {2023},
    volume = {12},
    pages = {34--56},
    url = {https://example.com/article3}
}

@article{source11,
    author = {Author Name},
    title = {Multi-Scale Feature Extraction Techniques},
    journal = {Journal Name},
    year = {2022},
    volume = {10},
    pages = {78--90},
    url = {https://example.com/article11}
}
